% ------------------------------------------------------------------------
% BIBLIOGRAPHY FILE
% ------------------------------------------------------------------------

@book{ embedded_systems_architecture,
    author="Daniele Lacamera",
    title="Embedded systems architecture",
    year="2023"
}

@misc { linux_embedded_ubuntu,
    title = "Embedded linux Ubuntu",
    year = "2019",
    howpublished = "\url{https://ubuntu.com/blog/what-is-embedded-linux}"
}

@misc { embedded_linux_windriver,
    howpublished = "\url{https://www.windriver.com/solutions/learning/embedded-linux}", 
    title = "Embedded linux Windriver",
    year = "2020"
} 

@book{ abbott2011linux,
  title={Linux for embedded and real-time applications},
  author={Abbott, Doug},
  year={2011},
  publisher={Elsevier}
}

@misc{ linux_real_time,
    howpublished = "\url{https://www.embedded.com/real-time-linux/}",
    title = "Real Time Linux",
    year = "2001"
}

@misc{ yocto,
    howpublished = "\url{https://www.yoctoproject.org/}",
    title = "Yocto project",
    year = "2023"
}

@misc{ freeRTOS,
    howpublished = "\url{https://www.freertos.org/about-RTOS.html}",
    title = "freeRTOS site",
    year = "2023"
}

@misc{ GNUMake,
    howpublished = "\url{https://www.gnu.org/software/make/}",
    title = "GNU Make site",
    year = "2023"
}

@misc{ AM64_datasheet,
    howpublished = "\url{https://www.ti.com/lit/ds/symlink/am6412.pdf}",
    title = "AM64x Datasheet",
    year = "2023"
}

@misc{ ARM_M4,
    howpublished = "\url{https://developer.arm.com/Processors/Cortex-M4}",
    title = "ARM M4 specifications",
    year = "2014"
}

@misc{ Technical_reference_AM64,
    howpublished = "\url{https://www.ti.com/lit/ug/spruim2h/spruim2h.pdf}",
    title = "AM64x Technical reference manual",
    year = "2020"
}

@misc{ TCM_documentation,
    howpublished = "\url{https://developer.arm.com/documentation/den0042/a/Tightly-Coupled-Memory}",
    title = "Tightly coupled memories documentation",
    year = "2021"
}

@misc{ M4F_technical_reference,
    howpublished = "\url{https://developer.arm.com/documentation/ddi0439/b/Introduction/Product-documentation/Documentation}",
    title = "Cortex-M4 technial reference manual",
    year = "2021"
}
